@online{torproject,
  author = {Roger Dingledine, Nick Mathewson, Paul Syverson},
  title = {Tor: The Second-Generation Onion Router},
  year = 2004,
  url = {https://svn.torproject.org/svn/projects/design-paper/tor-design.html},
  urldate = {2017-06-09}
}

@online{netty,
  author = {Alon},
  title = {What is Netty},
  year = 2013,
  url = {http://ayedo.github.io/netty/2013/06/19/what-is-netty.html},
  urldate = {2017-06-17}
}