@online{torproject,
  author = {Roger Dingledine, Nick Mathewson, Paul Syverson},
  title = {Tor: The Second-Generation Onion Router},
  year = 2004,
  url = {https://svn.torproject.org/svn/projects/design-paper/tor-design.html},
  urldate = {2017-06-09}
}

@online{netty,
  author = {Alon},
  title = {What is Netty},
  year = 2013,
  url = {http://ayedo.github.io/netty/2013/06/19/what-is-netty.html},
  urldate = {2017-06-17}
}

@online{onionrouting,
  author = {Wikipedia.org},
  title = {Onion Routing - Wikipedia},
  year = 2017,
  url = {https://en.wikipedia.org/wiki/Onion_routing},
  urldate = {2017-08-15}
}

@online{githubflow,
  author = {GitHub},
  title = {Hello World - GitHub Guides},
  year = 2016,
  url = {https://guides.github.com/activities/hello-world/},
  urldate = {2017-08-17}
}